

@ARTICLE{Forecast1,
    author = {Ranjan Roopesh and Gneiting Tilmann},
    title = "{Combining Probability Forecasts}",
    journal = {Journal of the Royal Statistical Society Series B: Statistical Methodology},
    volume = {72},
    number = {1},
    pages = {71-91},
    year = {2010},
}


@ARTICLE{Forecast2,
title = {Diagnostic verification of probability forecasts},
journal = {International Journal of Forecasting},
volume = {7},
number = {4},
pages = {435-455},
year = {1992},
author = {Allan H. Murphy and Robert L. Winkler},
}


@ARTICLE{roc1,
title = {Evaluating probabilistic classifiers: The triptych},
journal = {International Journal of Forecasting},
year = {2023},
author = {Timo Dimitriadis and Tilmann Gneiting and Alexander I. Jordan and Peter Vogel},
}


@ARTICLE{roc2,
author = {Tilmann Gneiting and Peter Vogel},
year = {2022},
title = {Receiver operating characteristic (ROC) curves: equivalences, beta model, and minimum distance estimation},
volume = {111},
journal = {Machine Learning},
}


@ARTICLE{roc3,
author = {Gneiting, Tilmann and Walz, Eva-Maria},
year = {2022},
pages = {1-29},
title = {Receiver operating characteristic (ROC) movies, universal ROC (UROC) curves, and coefficient of predictive ability (CPA)},
volume = {111},
journal = {Machine Learning},
}




@ARTICLE{reliability1,
author = {Timo Dimitriadis  and Tilmann Gneiting  and Alexander I. Jordan },
title = {Stable reliability diagrams for probabilistic classifiers},
journal = {Proceedings of the National Academy of Sciences},
volume = {118},
number = {8},
year = {2021},
}




@misc{precision,
  title = {The Difference between Precision-recall and ROC Curves for Evaluating the Performance of Credit Card Fraud Detection Models},
  author = {Fayzrakhmanov, Rustam and Kulikov, Alexandr and Repp, Polina},
  urn = {urn:nbn:de:gbv:kt1-3877},
  year= {2018}
}




@BOOK{statistical,
  title={An Introduction to Statistical Learning: with Applications in R},
  author={Gareth James. and Daniela Witten. and Trevor Hastie. and Robert Tibshirani.},
  isbn={9781071614181},
  series={Springer Texts in Statistics},
  year={2021},
  publisher={Springer US}
}
